@article{AMBER95,
    author  = {Wendy D. Cornell and Piotr Cieplak and Christopher I. Bayly and Ian R. Gould and {Merz Jr.}, Kenneth M. and David M. Ferguson and David C. Spellmeyer and Thomas Fox and James W. Caldwell and Peter A. Kollman},
    title   = {A Second Generation Force Field for the Simulation of Proteins, Nucleic Acids and Organic Molecules},
    journal = {J. Am. Chem. Soc.},
    pages   = {5179-5197},
    year    = {1995},
    volume  = {117}
}
