@BOOK{Wolsey,
AUTHOR        = {Wolsey, Laurence A.}, 
TITLE         = {Integer programming},
PUBLISHER     = {Wiley \& Sons},
ADDRESS       = {New York},
YEAR          = {1998},
SERIES        = {Wiley-interscience series in discrete mathematics and optimization},
LOCATION      = {MPI-ZB},
IDNUMBER      = {MPI-I-B-7946},
SIGNATURE     = {Books: Wolsey},
ISBN          = {0-471-28366-5},
STATUS        = {available},
BIBTYPE       = {BOOK},
}

@MISC{NW,
AUTHOR        = {Nemhauser, G. L. and Wolsey, L. A.}, 
TITLE         = {A Recursive Procedure to Generate all Cuts for 0-1 Mixed Integer Programs},
YEAR          = {1990},
SERIES        = {Mathematical Programming},
VOLUME        = {46},
LOCATION      = {MPI-ZB},
SIGNATURE     = {Books: Nemhauser},
KEYWORDS      = {cutting planes;valid inequalities;disjunctive inequalities;superadditive functions;0-1 mixed integer programs},
BIBTYPE       = {MISC},
}

@BOOK{CPLEX,
AUTHOR        = {ILOG}, 
TITLE         = {ILOG CPLEX 6.5 : user's manual},
EDITION       = {March 1999},
PUBLISHER     = {ILOG},
ADDRESS       = {Bad Homburg},
YEAR          = {1999},
LOCATION      = {MPI-ZB},
IDNUMBER      = {MPI-I-B-8582},
SIGNATURE     = {ILOG},
STATUS        = {available},
BIBTYPE       = {BOOK},
}

@PHDTHESIS{Thienel95,
AUTHOR        = {Thienel, Stefan}, 
TITLE         = {ABACUS : {A} {B}ranch-{A}nd-{CU}t {S}ystem (Inaugural-Dissertation zur Erlangung des Doktorgrades)},
ADDRESS       = {K{\"o}ln},
YEAR          = {1995},
SCHOOL        = {Univ. K{\"o}ln, Math.-Naturw. Fak.},
LOCATION      = {MPI-ZB},
IDNUMBER      = {MPI-I-B-5344},
SIGNATURE     = {Books: Thienel},
STATUS        = {available},
CRINDEX       = {I.2.6 Computing Methodologies, ARTIFICIAL INTELLIGENCE, Learning, Induction;I.2.8 Computing Methodologies, ARTIFICIAL INTELLIGENCE, Problem Solving, Control Methods, and Search, Graph and tree search strategies;I.2.8 Computing Methodologies, ARTIFICIAL INTELLIGENCE, Problem Solving, Control Methods, and Search, Heuristic methods},
BIBTYPE       = {PHDTHESIS},
}

@BOOK{LEDAhome,
AUTHOR        = {Mehlhorn, Kurt and N{\"a}her, Stefan and Seel, Michael and Uhrig, Christian}, 
TITLE         = {The LEDA user manual: version 3.8},
PUBLISHER     = {Max-Planck-Institut f{\"u}r Informatik},
ADDRESS       = {Saarbr{\"u}cken},
YEAR          = {1999},
LOCATION      = {MPI-ZB},
IDNUMBER      = {MPI-I-B-8441},
SIGNATURE     = {Books: Mehlhorn},
STATUS        = {available},
BIBTYPE       = {BOOK},
}

@TechReport{ABACUS,
  author =       "M. J{\"u}nger and S. Thienel",
  institution =  "Informatik, Universit{\"a}t zu K{\"o}ln",
  title =        "Introduction to {ABACUS} - {A} Branch-And-{CU}t
                 System",
  year =         "1997",
  crindex =      "51k,13,zpr97-263.ps.gz",
  keywords =     "Mixed Integer Programming, Branch-and-Cut,
                 Branch-and-Price, Software Systems; 90C10, 90C11,
                 90C27",
  annote =       "The software system ABACUS is an object-oriented
                 framework for the implementation of branch-and-cut and
                 branch-and-price algorithms. This paper shows the
                 basics of its application to combinatorial and mixed
                 integer optimization problems.",
}

@TechReport{Thienel97,
  author =       "S. Thienel",
  institution =  "Informatik, Universit{\"a}t zu K{\"o}ln",
  title =        "{ABACUS} - {A} Branch-And-{CU}t System, Version 2.0,
                 User's Guide and Reference Manual",
  year =         "1997",
  crindex =      "423k,350,zpr97-298.ps.gz",
  keywords =     "combinatorial optimization, mixed integer programming,
                 branch-and-cut; 68-04, 90C11, 90C27",
  annote =       "ABACUS is a C++ framework for the implementation of
                 branch-and-cut algorithms, branch-and-price algorithms,
                 and their combination for linear mixed integer and
                 combinatorial optimization problems. This manual
                 explains the installation, the design, and the usage of
                 the framework. Both the basic steps and advanced
                 features are discussed. The reference manual describes
                 all classes together with all members that are relevant
                 for the user.",
}

@TechReport{SOPLEX,
  author =       "R. Wunderling",
  institution =  "Konrad-Zuse-Zentrum f{\"u}r Informationstechnik Berlin",
  title =        "{P}aralleler und {O}bjektorientierter {S}implex--{A}lgorithmus",
  year =         "1997",
}
