@inproceedings{BKL99b,
	author  = {Boghossian, N.P. and Kohlbacher, O. and Lenhof, H.-P.}, 
  editor  = {Vitter, J.S. and Zaroliagis, C.D.},
  title   = {{BALL}: {B}iochemical {A}lgorithms {L}ibrary},
  booktitle = {Algorithm Engineering, 3rd International Workshop, {WAE}'99, Proceedings},
	series	= {Lecture Notes in Computer Science (LNCS)},
	publisher = {Springer},
  pages   = {330--344},
  year    = {1999},
	volume = {1668},
}
@inproceedings{KL99,
	author  = {Kohlbacher, O. and Lenhof, H.-P.}, 
  editor  = {},
  title   = {Rapid Software Prototyping in Computational Molecular Biology},
  booktitle = {Proceedings of the German Conference on Bioinformatics ({GCB}'99)},
  pages   = {},
  year    = {1999}
}
@TECHREPORT{BKL99a,
AUTHOR        = {Boghossian, N.P. and Kohlbacher, O. and Lenhof, H.-P.}, 
TITLE         = {{BALL}: {B}iochemical {A}lgorithms {L}ibrary},
ADDRESS       = {Saarbr{\"u}cken},
YEAR          = {1999},
VOLUME        = {99-1-002},
INSTITUTION   = {Max-Planck-Institut f{\"u}r Informatik},
LOCATION      = {MPI-ZB},
IDNUMBER      = {MPI-I-B-TR7144},
SIGNATURE     = {Reports: Saarbr{\"u}cken},
ISBN          = {0946-011X},
STATUS        = {available},
TYPE          = {research report},
BIBTYPE       = {TECHREPORT},
}
@misc{BALLCodingConventions,
	title={{BALL} {C}oding {C}onventions, Version 1.1},
	author={Oliver Kohlbacher},
	howpublished={{\tt http://www.mpi-sb.mpg.de/BALL/DOWNLOAD/coding\_1.1.ps}},
	year={2000},
}
	
@misc{BALL-RM,
	key={BALL Reference Manual},
	title={{BALL} {R}eference {M}anual},
	howpublished={{\tt http://www.mpi-sb.mpg.de/BALL/documentation.html}},
	year={2000},
}
	
