@article{Pea90,
	author={Peter K. Pearson},
	title={Fast Hashing of Variable-Length Text Strings},
	year={1990},
	journal={Comm. ACM},
	number={6},
	volume={33},
	pages={677--680},
}
	
@book{MN99,
	author={Kurt Mehlhorn and Stefan N\"aher},
	title={LEDA -- A platform for combinatorial and geometric computing},
	publisher={Cambridge University Press},
	year={1999},
	address={Cambridge, UK},
}
