@book{Hollemann,
   author    = {Arnold F. Hollemann and Egon Wiberg},
   title     = {Lehrbuch der anorganischen Chemie},
   year      = {1985},
   publisher = {Walter de Gruyter, Berlin},
   edition   = {81st},
   pages     = {736}
}
@book{Kutzelnigg:92,
   author    = {Werner Kutzelnigg},
   title     = {Einf"uhrung in die theoretische Chemie},
   year      = {1992},
   publisher = {VCH, Weinheim},
   edition   = {2nd}
}
@book{Atkins:MQM,
   author    = {P. W. Atkins},
   title     = {Molecular Quantum Mechanics},
   year      = {1983},
   publisher = {Oxford University Press, Oxford},
   edition   = {2nd}
}
@book{Atkins:PC,
   author    = {P. W. Atkins},
   title     = {Physical Chemistry},
   year      = {1995},
   publisher = {Oxford University Press, Oxford},
   edition   = {5th}
}
@book{Reinhold:94,
   author    = {Joachim Reinhold},
   title     = {Quantentheorie der Molek"ule},
   year      = {1994},
   publisher = {Teubner, Stuttgart}
}
@book{Schmidtke:94,
   author    = {Hans-Herbert Schmidtke},
   title     = {Quantenchemie},
   year      = {1994},
   publisher = {VCH, Weinheim},
   edition   = {2nd}
}
@book{GmelinSiB,
  title      = {Gmelins Handbuch der Anorganischen Chemie},
  year       = {1959},
  publisher  = {VCH, Weinheim},
  volume     = {Silicium, Teil B, Systemnummer 15}
}

@article{Molscript,
	author={Per J. Kraulis},
	journal={Journal of Applied Crystallography},
	year={1991},
	volume={24},
	pages={946},
	title={MOLSCRIPT: a program to produce both detailed and schematic plots of protein structures}
}
@book{Mueller,
	author={Ulrich M"uller},
	title={Anorganische Strukturchemie},
	year={1992},
	publisher={Teubner, Stuttgart}
}
@book{Huheey,
	author={James E. Huheey},
	title={Anorganische Chemie},
	year={1988},
	publisher={Walter de Ruyter, Berlin}
}
	
@book{Barrow,
	author={Gordon M. Barrow},
	title={Physikalische Chemie},
	year={1984},
	publisher={Vieweg, Wiesbaden}
}
@article{BBO+83,
	author  =   {B. R. Brooks and R. E. Bruccoleri and B. D. Olafson and D. J. States and
								S. Swaminathan and M. Karplus},
	title   =   {{CHARMM}:  {A} program for macromolecular energy, minimization, and
								dynamics calculations},
	journal =   {J. Comput. Chem.},
	volume  =   {4},
	number  =   {2},
	year    =   {1983},
	pages   =   {187--217}
}
@BOOK{MathewsvanHolde90,
AUTHOR        = {Mathews, Christopher K. and van Holde, K.E.},
TITLE         = {Biochemistry},
PUBLISHER     = {The Benjamin/Cummings Publishing Company},
YEAR          = {1990},
LOCATION      = {MPI-ZB},
IDNUMBER      = {MPI-I-B-1108},
SIGNATURE     = {Books: Mathews},
ISBN          = {0-8053-5015-2},
STATUS        = {available},
CRINDEX       = {systematisieren},
BIBTYPE       = {BOOK},
}
@BOOK{Stryer91,
AUTHOR        = {Stryer, Lubert},
TITLE         = {Biochemie},
EDITION       = {korr. Nachdruck 1991 der v{\"o}llig neubearbeitete Auflage 1990},
PUBLISHER     = {Spektrum Akademischer Verlag},
YEAR          = {1991},
LOCATION      = {MPI-ZB},
IDNUMBER      = {MPI-I-B-1107},
SIGNATURE     = {Books: Stryer},
ISBN          = {3-86025-005-1},
STATUS        = {borrowed},
BIBTYPE       = {BOOK},
}
@article{ZVC+97,
    author  = {C. Zhang and G. Vasmatzis and J. L. Cornette and
     C. DeLisi},
    title   = {Determination of Atomic Desolvation Energies From
     the Structures of Crystallized Proteins},
    journal = {J. Mol. Biol.},
    pages   = {707-726},
    year    = {1997},
    volume  = {267}
}
 
