@manual{LiDIA
, title = "LiDIA Manual \ A library for computational number theory"
, organization = "LiDIA -Group"
, address = {Fachbereich Informatik Institut f\"ur Theoretische Informatik TH Darmstadt}
, edition = {1.3}
, month = {April}
, year = {1997}
}

@manual{gmp
, title = {{GNU MP}, The {GNU} Multiple Precision Arithmetic Library}
, author = {Granlund, T.}
, edition = {2.0.2}
, month = {June}
, year = {1996}
}

@incollection{k-dat-96
, author = "Keffer, T."
, title = "The Design and Architecture of Tools.h{\tt ++}"
, booktitle = "{\CPP\ }Gems"
, publisher = "SIGS publications"
, editor = "Lippman, S."
, year = "1996"
, pages = "43--57"
}

@incollection{bv-sbc-96
, author = "G. Booch and M. Vilot"
, title = "Simplifying the Booch Components"
, booktitle = "{\CPP\ } Gems"
, publisher = "SIGS publications"
, editor = "Lippman, S."
, year = "1996"
, pages = "59--89"
}

@book{bn-sec++-94
, author = "J. J. Barton and L. R. Nackman"
, title = "Scientific and Engineering {\CPP}"
, publisher = "Addison-Wesley, Reading, MA"
, year = "1997"
}

@book{Mey98
, author = "Scott Meyers"
, title = "Effective \CPP"
, publisher = "Addison-Wesley, Reading, MA"
, year = "1998"
}

@article{kl-isc++l-96
, author = "K. Kreft and A. Langer"
, title = "Iterators in the Standard {\CPP\ }Library"
, journal = "{\CPP\ }Report"
, volume = "8"
, number = "10"
, month = "Nov.-Dec."
, year = "1996"
, pages = "27--32"
}

@BOOK{GlassSchuchert96,
AUTHOR        = {Glass, Graham and Schuchert, Brett L.}, 
TITLE         = {The STL $<$primer$>$},
PUBLISHER     = {Prentice Hall PTR},
ADDRESS       = {Upper Saddle River, NJ},
YEAR          = {1996},
LOCATION      = {MPI-ZB},
IDNUMBER      = {MPI-I-B-5997},
SIGNATURE     = {Books: Glass},
ISBN          = {0-13-454976-7},
STATUS        = {available},
CRINDEX       = {systematisieren},
BIBTYPE       = {BOOK},
}

Match in MPII library:
@BOOK{Robson98,
AUTHOR        = {Robson, Robert}, 
TITLE         = {Using the STL : the \CPP\ standard template library},
PUBLISHER     = {Springer},
ADDRESS       = {New York},
YEAR          = {1998},
LOCATION      = {MPI-ZB},
IDNUMBER      = {MPI-I-B-6913},
SIGNATURE     = {Books: Robson},
ISBN          = {0-387-98204-3},
STATUS        = {available},
BIBTYPE       = {BOOK},
}

@BOOK{MusserSaini96,
AUTHOR        = {Musser, David R. and Saini, Atul}, 
TITLE         = {STL tutorial and reference guide : \CPP\ programming with the standard template library},
PUBLISHER     = {Addison-Wesley},
ADDRESS       = {Reading, MA},
YEAR          = {1996},
SERIES        = {Addison-Wesley professional computing ser.},
LOCATION      = {MPI-ZB},
IDNUMBER      = {MPI-I-B-5590},
SIGNATURE     = {Books: Musser},
ISBN          = {0-201-63398-1},
STATUS        = {available},
CRINDEX       = {systematisieren},
BIBTYPE       = {BOOK},
}

@BOOK{Breymann96,
AUTHOR        = {Breymann, Ulrich}, 
TITLE         = {Die \CPP\ Standard Template Library : Einf{\"u}hrung, Anwendung, Konstruktion neuer Komponenten},
EDITION       = {(incl. CD-ROM)},
PUBLISHER     = {Addison-Wesley},
ADDRESS       = {Bonn},
YEAR          = {1996},
LOCATION      = {MPI-ZB},
IDNUMBER      = {MPI-I-B-6107},
SIGNATURE     = {Books: Breymann},
ISBN          = {3-8273-1067-9},
STATUS        = {available},
CRINDEX       = {systematisieren},
BIBTYPE       = {BOOK},
}

@misc{ c-wpdpi-95
    ,key          = {C++AnsiDraft}
    ,title        = "Working Paper for Draft Proposed International
                     Standard for Information Systems -- Programming
                     Language {C{\tt ++}}"
    ,howpublished = {ANSI X3, Information Processing Systems}
    ,month        = apr
    ,year         = 1995
}

@misc{ c-wpdpi-96
    ,key          = {{C}{\tt ++}}
    ,title        = "Working Paper for Draft Proposed International
                     Standard for Information Systems -- Programming
                     Language {C{\tt ++}}"
    ,howpublished = {Doc.~No.~X3J16/96 - 0225 - WG21/N1043}
    ,month        = Dec
    ,year         = 1996
}

@article{Mye95
    ,author       = {Nathan C. Myers}
    ,title        = {Traits: a New and Useful Template Technique}
    ,journal      = "{\CPP}~Report"
    ,year         = 1995
		,page					= {32--35}
    ,month        = jun
    ,annote       = {recommended C++ reading. stream traits, iterator
                     traits, typedef's.}
    ,update       = "97.04 kettner"
}

@misc{ B_dd
    ,author        = {Keith Briggs}
    ,title         = {The doubledouble home page}
    ,howpublished  = {\path|http://epidem13.plantsci.cam.ac.uk/~kbriggs/doubledouble.html|}
}

@BOOK{LippmanLajoie98,
AUTHOR        = {Lippman, Stanley B. and Lajoie, Jos{\'e}e}, 
TITLE         = {The C++ [plus plus] primer [reflects the ANSI/ISO final draft standard]},
EDITION       = {3rd ed. !!!},
PUBLISHER     = {Addison-Wesley},
ADDRESS       = {Reading, MA},
YEAR          = {1998},
LOCATION      = {MPI-ZB},
IDNUMBER      = {MPI-I-B-7076},
SIGNATURE     = {Books: Lippman},
ISBN          = {0-201-82470-1 (pbk)},
STATUS        = {borrowed},
CRINDEX       = {D.3.2 Software, PROGRAMMING LANGUAGES, Language Classifications, C},
BIBTYPE       = {BOOK},
}

@misc{ Clarkson_code
    ,author        = {Ken Clarkson}
    ,title         = {A short, complete planar convex hull code}
    ,howpublished  = {\path|http://cm.bell-labs.com/who/clarkson/2dch.c|}
}

@article{ ms-aogl-94
    ,author       = {David R.~Musser and Alexander A.~Stepanov}
    ,title        = {Algorithm-oriented Generic Libraries}
    ,journal      = {Software -- Practice and Experience}
    ,year         = 1994
    ,volume       = 24
    ,number       = 7
    ,pages        = {623--642}
    ,month        = jul
}

@misc{ c-isplc-98
    ,key          = {{C}{\tt ++}}
    ,title        = "International Standard ISO/IEC 14882: 
                     Programming languages -- {C{\tt ++}}"
    ,howpublished = {American National Standards Institute, 11 West 42nd 
                     Street, New York 10036}
    ,year         = 1998
    ,mynote       = {\path|http://webstore.ansi.org/|}
    ,update       = "99.02 kettner"
}

@article{ k-ugpdd-99
    ,author       = {Lutz Kettner}
    ,title        = {Using Generic Programming for 
                    Designing a Data Structure for Polyhedral Surfaces}
    ,journal      = {Computational Geometry: Theory and Applications}
    ,year         = 1999
    ,note         = {to appear}
    ,abstract     = {
        Design solutions for a program library are presented for combinatorial
        data structures in computational geometry, such as planar maps and
        polyhedral surfaces. Design issues considered are genericity,
        flexibility, time and space efficiency, and ease-of-use. We focus on
        topological aspects of polyhedral surfaces. Edge-based representations
        for polyhedrons are evaluated with respect to the design goals. A
        design for polyhedral surfaces in a halfedge data structure is
        developed following the generic programming paradigm known from the
        Standard Template Library STL for C++. Connections are shown to planar
        maps and face-based structures managing holes in facets}
}
@BOOK{Sam97,
AUTHOR        = {Sametinger, Johannes}, 
TITLE         = {Software engineering with reusable components},
PUBLISHER     = {Springer},
YEAR          = {1997},
LOCATION      = {MPI-ZB},
IDNUMBER      = {MPI-I-B-6914},
SIGNATURE     = {Books: Sametinger},
ISBN          = {3-540-62695-6},
STATUS        = {available},
BIBTYPE       = {BOOK},
}
@book{Bal96,
	title={Lehrbuch der Software-Technik},
	author={Helmut Balzert},
	volume={2},
	year={1996},
	publisher={Spektrum Akakemischer Verlag},
}
@book{McC93,
	title={Code Complete: A Practical Handbook of Software Construction},
	year={1993},
	publisher={Microsoft Press},
	author={Steve McConnell},
}
