
@article{ACH97,
   author    = {G. Ausiello and G. Cesareni and M. Helmer-Citterich},
   title     = {ESCHER: A new docking procedure applied to the reconstruction of protein tertiary structure},
   journal   = {Proteins},
   pages     = {556--567},
   year      = {1997},
   volume    = {28}
}


@inproceedings{AHK+95,
   author    = {F. Ackermann and G. Herrmann and F. Kummert and
       S. Posch and G. Sagerer and D. Schomburg},
   title     = {Protein docking combining symbolic descriptions of molecular surfaces and grid-based scoring functions},
   booktitle = {Proceedings of the Third International Conference on Intelligent Systems in Molecular Biology},
   pages     = {3--11},
   year      = {1995},
   publisher = {AAAI Press},
   address   = {Menlo Park, California}
}


@incollection{AHP+95,
   author    = {F. Ackermann and G. Herrmann and S. Posch and G. Sagerer},
   editor    = {D. Schomburg and U. Lessel},
   title     = {3{D}-{S}egmentierungstechniken und vektorwertige
       {B}ewertungsfunktionen f"ur symbolisches {P}rotein-{P}rotein-{D}ocking},
   booktitle = {Bioinformatics: From Nucleic Acids and Proteins to Cell Metabolism},
   pages     = {105--124},
   year      = {1995},
   publisher = {GBF},
   address   = {Braunschweig},
   volume    = {18},
   series    = {GBF Monographs}
}


@article{AMD97,
   author    = {J. Alvarez-Ramirez and R. Martinez and E. Diaz-Herrera},
   title     = {Solution of the Poisson-Boltzmann equation through the use of pseudo-dynamic simulation method},
   journal   = {Chem. Phys. Letters},
   pages     = {375--382},
   year      = {1997},
   volume    = {266}
}


@article{AMK+97,
   author    = {J. Antosiewicz and M. D. Miller and K. L. Krause adn J. A. McCammon},
   title     = {Simulation of electrostatic and hydrodynamic properties of serratia endonuclease},
   journal   = {Biopolymers},
   pages     = {443--450},
   year      = {1997},
   volume    = {41}
}


@inproceedings{AOI95,
   author    = {T. Akutsu and K. Omizuka and M. Ishikawa},
   title     = {New hashing techniques and their application to a protein structure database system},
   booktitle = {Proc. of the 28th Hawaii Intern. Conf. on System Science},
   organization = {IEEE},
   pages     = {197--206},
   year      = {1995}
}


@article{AT94,
   author    = {R. Abagyan and M. Totrov},
   title     = {Biased probability {M}onte {C}arlo conformational searches and electrostatic calculations for peptides and proteins},
   journal   = {J. Mol. Biol.},
   pages     = {983--1002},
   year      = {1994},
   volume    = {235}
}


@article{AT97,
   author    = {R. A. Abagyan and M. M. Totrov},
   title     = {Contact area difference (CAD): A robust measure to evaluate accuracy of protein models},
   journal   = {J. Mol. Biol.},
   pages     = {678--685},
   year      = {1997},
   volume    = {168}
}


@article{Boeh94,
   author    = {H. J. B"ohm},
   title     = {The development of a simple empirical scoring function to estimate the binding constant for a protein-ligand complex of known three-dimensional structure},
   journal   = {J. Comp.-Aided Mol. Des.},
   pages     = {243--256},
   year      = {1994},
   volume    = {8}
}


@article{B"oh95,
   author    = {G. B"ohm},
   title     = {New approaches in molecular structure prediction},
   journal   = {Biophys. Chem.},
   pages     = {1--32},
   year      = {1996},
   volume    = {59}
}


@article{BD90,
   author    = {M. T. Barakat and P. M. Dean},
   title     = {Molecular structure matching by simulated annealing:
       a comparison between different cooling schedules},
   journal   = {J. Comput.-Aided Mol. Design.},
   pages     = {295--316},
   year      = {1990},
   volume    = {4}
}


@article{BFH88,
   author    = {A. D. Buckingham and P. W. Fowler and J. M. Hutson},
   title     = {Theoretical studies of van der
       Waals molecules and intermolecular forces},
   journal   = {Chem. Rev.},
   pages     = {963--988},
   year      = {1988},
   volume    = {88}
}


@article{BH84,
   author    = {E. N. Baker and R. E. Hubbard},
   title     = {Hydrogen Bonding in Globular Proteins},
   journal   = {Prog. Biophys. and Molec. Biol.},
   pages     = {98--179},
   year      = {1984},
   volume    = {44}
}


@article{BIW+77,
   author    = {F. C. Bernstein and T. F. ICoetzle and G. Williams and
       E. F. Mayer and M. D. Bryce, J. R. Rogers and
       O. Kennard and T. Simanouwchi and M. Tasumi},
   title     = {The Protein Data Bank: a computer based archive file
       for macromolecular structures},
   journal   = {J. Mol. Biol.},
   pages     = {535--542},
   year      = {1977},
   volume    = {112}
}


@article{BJD97,
   author    = {R. E. Bruccolrei and J. Novotny and M. E. Davis},
   title     = {finite difference Poisson-Boltzmann electrostatic calculations: increased accuray achieved by harmonic dielectric smoothing and charge antialiasing},
   journal   = {J. Comput. Chem.},
   pages     = {268--276},
   year      = {1997},
   volume    = {18},
   number    = {2}
}


@article{BK96,
   author    = {H. Briem and I. D. Kuntz},
   title     = {Molecular similarity based on DOCK-generated fingerprints},
   journal   = {J. Med. Chem.},
   pages     = {3401--3408},
   year      = {1996},
   volume    = {39}
}


@article{BM92,
   author    = {D. J. Bacon and J. Moult},
   title     = {Docking by least-squares fitting of molecular surface patterns},
   journal   = {J. Mol. Biol.},
   pages     = {849--858},
   year      = {1992},
   volume    = {225}
}


@article{BS97,
   author    = {N. S. Blom and J. Sygusch},
   title     = {High resolution fast quantitative docking using fourier domain correlation techniques},
   journal   = {Proteins},
   pages     = {493--506},
   year      = {1997},
   volume    = {27}
}


@incollection{Bri97,
   author    = {J. Brickmann},
   editor    = {D. H. Rouvray},
   title     = {Linguistic variables in the molecular recognition problem},
   booktitle = {Fuzzy Logic Chem.},
   pages     = {225--247},
   year      = {1997},
   publisher = {Academic},
   address   = {San Diego, Calif.}
}


@article{Bru93,
   author    = {R. E. Bruccoleri},
   title     = {Grid positioning independence and the reduction of self-energy in the solution of the Poisson-Boltzmann equation},
   journal   = {J. Comput. Chem.},
   pages     = {1417--1422},
   year      = {1993},
   volume    = {14},
   number    = {12}
}


@article{CA95,
   author    = {K. P. Clark and  Ajay},
   title     = {Flexible ligand docking without parameter adjustment across four ligand-receptor complexes},
   journal   = {J. Comput. Chem.},
   pages     = {1210--1226},
   year      = {1995},
   volume    = {16}
}


@article{CD94,
   author    = {P.-L. Chau and  P. M. Dean},
   title     = {Electrostatic complementarity between proteins and ligands.
       1. Charge disposition. dielectric and interface effects.},
   journal   = {J. Comput.-Aided Mol. Design.},
   pages     = {513--525},
   year      = {1994},
   volume    = {8}
}


@article{CDG+96,
   author    = {G. Campbell and Y. Deng and J. Glimm and Y. Wang and Q. Yu and M. Eisenberg and A. Grollman},
   title     = {Analysis and prediction of hydrogen bonding in protein-{DNA} complexes using parallel processors},
   journal   = {J. Comput. Chem.},
   pages     = {1714--1725},
   year      = {1996},
   volume    = {17},
   number    = {15}
}


@article{CDJ91,
   author    = {J. Cherfils AND S. Duquerroy AND J. Janin},
   title     = {Protein-protein recognition analysis by docking simulation},
   journal   = {Proteins},
   pages     = {271--280},
   year      = {1991},
   volume    = {11}
}


@article{CDR97,
   author    = {P. M. Coutinho and M. K. Dowd and P. J. Reilly},
   title     = {Automated docking of glocusyl disaccharides in the glucoamylase active site},
   journal   = {Proteins},
   pages     = {162--173},
   year      = {1997},
   volume    = {28}
}


@article{CF97,
   author    = {C. M. Cortis and R. A. Friesner},
   title     = {An automatic three-dimensional finite element mesh generation system for the {P}oisson-{B}oltzmann equation},
   journal   = {J. Comput. Chem.},
   pages     = {1570--1590},
   year      = {1997},
   volume    = {18},
   number    = {13}
}


@article{CF97a,
   author    = {C. M. Cortis and R. A. Friesner},
   title     = {Numerical solution of the {P}oisson-{B}oltzmann equation using tetrahedral finite-element meshes},
   journal   = {J. Comput. Chem.},
   pages     = {1591--1608},
   year      = {1997},
   volume    = {18},
   number    = {13}
}


@article{CFK97,
   author    = {A. Calfisch and S. Fischer and M. Karplus},
   title     = {Docking by Monte Carlo minimization with a solvation correction: application to an FKBP-substrate complex},
   journal   = {J. Comput. Chem.},
   pages     = {723--743},
   year      = {1997},
   volume    = {18},
   number    = {6}
}


@article{CH97,
   author    = {S. W. Chen and B. Honig},
   title     = {Monovalent and divalent salt effects on electrostatic free energies defined by the nonlinear Poisson-Boltzmann equation: application to DNA binding reactions},
   journal   = {J. Phys. Chem.},
   pages     = {9113--9118},
   year      = {1997},
   volume    = {101}
}


@article{CTA+96,
   author    = {T. V. Chalikian and M. Totrov and R. Abagyan and K. J. Breslauer},
   title     = {The hydration of globular proteins as derived from volume and compressibility measurements: cross correlating thermodynamic and structural data},
   journal   = {J. Mol. Biol.},
   pages     = {588--603},
   year      = {1996},
   volume    = {260}
}


@article{Col94,
   author    = {P. M. Colman},
   title     = {Structure-based drug design},
   journal   = {Curr. Opin. Struct. Biol.},
   pages     = {868--874},
   year      = {1994},
   volume    = {4}
}


@article{Con83,
   author    = {M. L. Connolly},
   title     = {Analytical molecular surface calculation.},
   journal   = {J. Appl. Crystallogr.},
   pages     = {548--558},
   year      = {1983},
   volume    = {16}
}


@article{Con86,
   author    = {M. L. Connolly},
   title     = {Shape complementarity at the hemoglobin $\alpha_1\beta_1$ subunit interface},
   journal   = {Biopolymers},
   pages     = {1229--1247},
   year      = {1986},
   volume    = {25}
}


@article{DBR+97,
   author    = {S. B. Dixit and R. Bhasin and R. Rajasekaran and B. Jayaram},
   title     = {Solvation thermodynamics of amino acids, Assessment of the electrostatic contribution and force-field dependece},
   journal   = {J. Chem. Soc., Faraday Trans.},
   pages     = {1105--1113},
   year      = {1997},
   volume    = {93}
}


@article{DD85,
   author    = {D. J. Danziger and P. M. Dean},
   title     = {The Search for Functional Correspondences in
       Molecular Structure Between Two Dissimilar Molecules.},
   journal   = {J. Theor. Biol.},
   pages     = {215--224},
   year      = {1985},
   volume    = {116}
}


@article{DLD95,
   author    = {Z. S. Derewenda and L. Lee and U. Derewenda},
   title     = {The Occurence of C-H--O Hydrogen bonds in Proteins},
   journal   = {J. Mol. Biol.},
   pages     = {248--262},
   year      = {1995},
   volume    = {252}
}


@article{DM89,
   author    = {M. E. Davis and J. A. McCammon},
   title     = {Solving the finite difference linearized Poisson-Boltzmann equation: a comparison of relaxation and conjugate gradient methods},
   journal   = {J. Comput. Chem.},
   pages     = {386--391},
   year      = {1989},
   volume    = {10},
   number    = {3}
}


@article{DMH+92,
   author    = {J. Desmet and M. De Maeyer and B. Hazes and I. Lasters},
   title     = {The dead-end elimination theorem and its use in the protein side-chain positioning},
   journal   = {Nature},
   pages     = {539--542},
   year      = {1992},
   month     = {April},
   volume    = {356}
}


@article{DO93,
   author    = {B.S. Duncan and A.J. Olson},
   title     = {Shape analysis of molecular surfaces},
   journal =   {Biopolymers},
   volume    = {33},
   year      = {1993},
   pages     = {380--397},
}

@inproceedings{DO94,
   author    = {B. S. Duncan and A. J. Olson},
   title     = {Predicting protein-protein interactions using parametric surfaces},
   booktitle = {In Proceedings of the 13th Molecular Graphica Society Meeting},
   year      = {1994},
   publisher = {Elsevier},
   address   = {Evanston, IL. New York},
   annote    = {in press.}
}


@article{DRB94,
   author    = {A. Di Nola and D. Roccatano and H. J. C. Berendsen},
   title     = {Molecular dynamics simulation of the docking of substrates to proteins},
   journal   = {Proteins},
   pages     = {174--182},
   year      = {1994},
   volume    = {19}
}


@article{DWJ+97,
   author    = {J. Desmet and I. A. Wilson and M. Joniau and M. De Maeyer and I. Lasters},
   title     = {Computation of the binding of fully flexible peptides to proteins with flexible side chains},
   journal   = {FASEB Journal},
   pages     = {164--172},
   year      = {1997},
   volume    = {11}
}


@article{EB97,
   author    = {T. E. Exner and J. Brickmann},
   title     = {New docking algorithm based on fuzzy set theory},
   journal   = {J. Mol. Model.},
   pages     = {321--324},
   year      = {1997},
   volume    = {3}
}


@article{EK97,
   author    = {T. J. A. Ewing and I. D. Kuntz},
   title     = {Critical evaluation of search algorithms for automated molecular docking and database screening},
   journal   = {J. Comput. Chem.},
   pages     = {1175--1189},
   year      = {1997},
   volume    = {18},
   number    = {9}
}


@incollection{EKS+95,
	 booktitle = {Datenbanksysteme in B"uro, Technik und Wissenschaft, GI-Fachtagung 1995},
   author    = {M. Ester and H.-P. Kriegel and T. Seidl and X. Xu},
   title     = {{F}ormbasierte {S}uche nach komplement"aren 3{D}-{O}berfl"achen in einer {P}rotein-{D}atenbank},
	 editor		 = {Georg Lausen},
	 pages		 = {373--382},
   year      = {1995},
   publisher = {Springer}
}


@article{FLW+95,
   author    = {D. Fischer and S. L. Lin and H. J. Wolfson and R. Nussinov},
   title     = {A Geometry-based Suite of Molecular Docking Processes},
   journal   = {J. Mol. Biol.},
   pages     = {459--477},
   year      = {1995},
   volume    = {248}
}


@article{FLW+95a,
   author    = {D. Fischer and  S. L. Lin and H. J. Wolfson and R. Nussinov},
   title     = {A geometry-based suite of molecular docking processes},
   journal   = {J. Mol. Biol.},
   pages     = {459--477},
   year      = {1995},
   volume    = {248}
}


@incollection{FNN+93,
   author    = {D. Fischer and R. Norel and R. Nussinov and H. J. Wolfson},
   title     = {3-{D} docking of protein molecules},
   booktitle = {Lecture Notes in Computer Science 684},
   pages     = {20--34},
   year      = {1993},
   publisher = {Springer Verlag},
   address   = {New York}
}


@article{FSK+85,
   author    = {A. R. Fersht and J.-P. Shi and J. Knill-Jones.and
       D. M. Lowe and A. J. Wilkinson D. M. Blow and
       P. Brick and P. Carter and M. M. Y. Waye and G. Winter},
   title     = {Hydrogen bonding and biological specificity analysed by protein engineering},
   journal   = {Nature},
   pages     = {235--238},
   year      = {1985},
   volume    = {314}
}



@article{GEJ+96,
   author    = {A. Gohier and J. F. Espinosa and J. Jimenez-Barbero and P.-A. Carrupt and S. Perez and A. Imberty},
   title     = {Knowledge-based modeling of a legume lectin and docking of the carbohydrate ligand: the ulex europaeus lectin I and its interaction with fucose},
   journal   = {J. Mol. Graphics},
   pages     = {322--327},
   year      = {1996},
   volume    = {14}
}


@article{GF96,
   author    = {M. J. Gradwell and J Feeney},
   title     = {Validation of the use of intermolecular NOE constraints for obtaining docked structures of protein-ligand complexes},
   journal   = {J. Biomol.},
   pages     = {48--58},
   year      = {1996},
   volume    = {7}
}


@article{GJS97,
   author    = {H. A. Gabb and R. M. Jackson and M. J. E. Sternberg},
   title     = {Modelling protein docking using shape complementarity, electrostatics and biochemical information},
   journal   = {J. Mol. Biol.},
   pages     = {106--120},
   year      = {1997},
   volume    = {272}
}


@article{GRK+94,
   author    = {P. D. J. Grootenhuis and D. C. Roe and P. A. Kollman
       and D. Kuntz},
   title     = {Finding potential DNA-binding compounds by using molecular shape},
   journal   = {J. Comput. Aided. Mol. Des.},
   pages     = {731--750},
   year      = {1994},
   volume    = {8}
}


@article{GVD96,
   author    = {K. Gulukota and S. Vajda and C. DeLisi},
   title     = {Peptide docking using dynamic programming},
   journal   = {J. Comput. Chem.},
   pages     = {418--428},
   year      = {1996},
   volume    = {17},
   number    = {4}
}


@inproceedings{GVR+95,
   author    = {D. K. Gehaar and G. Verkhivker and P. A. Rejto and
       D. B. Fogel and L. J. Fogel and S. T. Freer},
   editor    = {J. R. McDonnell and R. G. Reynolds and D. B. Fogel},
   title     = {Docking conformationally flexible small molecules into protein binding site through evolutionary programming},
   booktitle = {In Proceedings of the fourth Annual Conference on Evolutionary Programming},
   pages     = {615--627},
   year      = {1995},
   publisher = {MIT Press},
   adress    = {Cambridge, MA}
}


@article{Gui94,
   author    = {W. C. Guida},
   title     = {Software for structure-based drug design},
   journal   = {Curr. Opin. Struct. Biol.},
   pages     = {777--781},
   year      = {1994},
   volume    = {4}
}


@article{HT94,
   author    = {M. Helmer-Citterich and A. Tramontano},
   title     = {{PUZZLE}: a new method for automated protein docking based on surface shape complementarity},
   journal   = {J. Mol. Biol.},
   pages     = {1021--1031},
   year      = {1994},
   volume    = {235}
}


@article{Hal95,
   author    = {T. A. Halgren},
   title     = {Potential energy functions},
   journal   = {Curr. Opin. Struct. Biol.},
   pages     = {205--21},
   year      = {1995},
   volume    = {5}
}


@article{IAC90,
   author    = {J. A. Ippolito and R. S. Alexander and Christianson},
   title     = {Hydrogen bond stereochemistry in protein structure \& function},
   journal   = {J. Mol. Biol.},
   pages     = {457--471},
   year      = {1990},
   volume    = {215}
}


@article{JC90,
   author    = {J. Janin and C. Chothia},
   title     = {The structure of protein-protein recognition sites},
   journal   = {J. Biol. Chem.},
   pages     = {16027--16030},
   year      = {1990},
   volume    = {265}
}


@article{JK91,
   author    = {F. Jiang and S. H. Kim},
   title     = {Soft docking: matching of molecular surface cubes},
   journal   = {J. Mol. Biol.},
   pages     = {79--102},
   year      = {1991},
   volume    = {219}
}


@article{JS93,
   author    = {R. M. Jackson and M. J. E. Sternberg},
   title     = {Protein surface area defined},
   journal   = {Nature},
   pages     = {638},
   year      = {1993},
   month     = {december},
   volume    = {366}
}



@article{JWC+97,
   author    = {G. Jones and P. Willett and R. C. Glen and A. R. Leach and R. Taylor},
   title     = {Development and validation of a genetic algorithm for flexible docking},
   journal   = {J. Mol. Biol.},
   pages     = {727--748},
   year      = {1997},
   volume    = {267}
}


@article{JWG95,
   author    = {G. Jones and P. Willet and R. C. Glen},
   title     = {Molecular recognition of receptor sites using a generic algorithm with a description of desolvation},
   journal   = {J. Mol. Biol.},
   pages     = {43--53},
   year      = {1995},
   volume    = {245}
}


@article{KAR+94,
   author    = {R. M. A. Knetgel and J. Antoon and C. Rullmann and
       R. Boelens and R. Kaptein},
   title     = {MONTY: a Monte Carlo approach to protein-DNA recognition},
   journal   = {J. Mol. Biol.},
   pages     = {318--324},
   year      = {1994},
   volume    = {235}
}


@article{KB91,
   author    = {A. P. Korn and R. M. Burnett},
   title     = {Distribution and Complementarity of Hydropathy in Multisubunit Proteins},
   journal   = {Proteins},
   pages     = {37--5},
   year      = {1991},
   volume    = {9}
}


@article{KBK94,
   author    = {R. M. A. Knetgel and R. Boelens and R. Kaptein},
   title     = {Monte Carlo docking of protein-DNA complexes: incorporation of DNA flexibility and experimental data},
   journal   = {Protein. Eng.},
   pages     = {761--767},
   year      = {1994},
   volume    = {7}
}


@article{KHF+86,
   author    = {I. Klapper and R. Hagstrom and R. Fine and K. Sharp and B. Honig},
   title     = {Focusing on electric fields in the active site of Cu-Zn superoxide dismutase: effects of ionic strength and amino-acid modification},
   journal   = {Proteins},
   pages     = {47--59},
   year      = {1986},
   volume    = {1}
}


@article{KKO,
   author    = {R. M. A. Knetgel and I. D. Kuntz and C. M. Oshiro},
   title     = {Molecular docking to ensembles of protein structures},
   journal   = {J. Mol. Biol.},
   pages     = {424--440},
   year      = {1997},
   volume    = {266}
}


@article{KLS+92,
   author    = {N. Kasinos and G. A. Lilley and N. Subbarao and I. Haneef},
   title     = {A robust and efficient automated Docking algorithm for Molecular recognition},
   journal   = {Protein Eng.},
   pages     = {69--75},
   year      = {1992},
   volume    = {5}
}


@article{KLS+92a,
   author    = {N. Kasinos and G. A. Lilley and N. Subbarao and I. Haneef},
   title     = {A robust and efficient automated docking algorithm for molecular recognition},
   journal   = {Pro. Eng.},
   pages     = {69--75},
   year      = {1992},
   volume    = {5},
   number    = {1}
}


@article{KM94,
   author    = {G. Klebe and T. Mietzner},
   title     = {A fast and efficient method to generate biologically relevant conformations},
   journal   = {J. Comp.-Aided Mol. Des.},
   pages     = {583--606},
   year      = {1994},
   volume    = {8}
}


@article{KMS94,
   author    = {I. D. Kuntz and E. C. Meng and B. K. Shoichet},
   title     = {Structure-based molecular design},
   journal   = {Accounts Chem. Res.},
   pages     = {117--123},
   year      = {1994},
   volume    = {27}
}


@article{KS93,
   author    = {M. Holst and F. Saied},
   title     = {multigrid solution of the Poisson-Boltzmann equation},
   journal   = {J. Comput. Chem.},
   pages     = {105--113},
   year      = {1993},
   volume    = {14},
   number    = {1}
}


@incollection{KSC+96,
   author    = {R. Kaptein and M. Slijper and V. P. Chuprina and J. A.C. Rullman and R. M. A. Knetgel and R. Boelens},
   editor    = {B. D. N. Rao and M. D. Kemple},
   title     = {Protein-DNA interaction from NMR and monte carlo docking},
   booktitle = {NMR as a structural tool for macromolecules: current status and future directions},
   pages     = {175--187},
   year      = {1996},
   publisher = {Plenum Press},
   address   = {New York}
}


@article{KSE+92,
   author    = {E. Katchalski-Katzir and I. Shariv and M. Eisenstein
       and A. A. Friesem and C. Afalo and I. A. Vakser},
   title     = {Molecular surface recognition: Determination of geometric fit between  proteins and their ligands by correlation techniques},
   journal   = {Proc. Natl. Acad. Sci. USA},
   pages     = {2195--2199},
   year      = {1992},
   volume    = {89}
}


@article{KSN93,
   author    = {S. Krystek and T. Stouch and J. Novotny},
   title     = {Affinity and Specificity of Serine Endopeptidase-Protein Inhibitor Interactions.  Empirical Free Energy Caculations Based on X-ray Crystallographic Structures},
   journal   = {J. Mol. Biol.},
   pages     = {661--679},
   year      = {1993},
   volume    = {234}
}


@article{KUS+94,
   author    = {S. K. Kearaley and D. J. Underwood and R. P. Sheridan
       and M. D. Miller},
   title     = {Flexibases: a way to enhance the use of molecular docking methods},
   journal   = {J. Comput. Aided Mol. Des.},
   pages     = {565--582},
   year      = {1994},
   volume    = {8}
}



@article{Kos93,
   author    = {D. E. Jr. Koshland},
   title     = {The joys and vicissitudes of protein science},
   journal   = {Proteins Sci.},
   pages     = {1364--1368},
   year      = {1993},
   volume    = {2}
}


@article{LC93,
   author    = {M. V. Lawrence and P. M. Colman},
   title     = {Shape Complementarity at Protein/Protein Interfaces},
   journal   = {J. Mol. Biol.},
   pages     = {946--950},
   year      = {1993},
   volume    = {234}
}


@article{LD93,
   author    = {I. Lasters and J. Desmet},
   title     = {The fuzzy-end elimination theorem: correctly implementing the side chain placement algorithm based on the dead-end elimination theorem},
   journal   = {Prot. Eng.},
   pages     = {717--722},
   year      = {1993},
   volume    = {6},
   number    = {7}
}


@article{LFH+97,
   author    = {D. Levine and M. Facello and P. Hallstrom and G. Reeder and B. Walenz and F. Stevens},
   title     = {Stalk: an interactive system for virtual molecular docking},
   journal   = {IEEE Trans. Comp. Sci. \& Eng.},
   pages     = {55--65},
   year      = {1997}
}


@article{LK92,
   author    = {A. R. Leach and I. D. Kuntz},
   title     = {Conformational analysis of flexible ligands in macromolecular receptor sites},
   journal   = {J. Comput. Chem.},
   pages     = {730--748},
   year      = {1992},
   volume    = {13},
   number    = {6}
}


@article{LL94,
   author    = {R. A. Lewis and A. Leach},
   title     = {Current methods for site-directed structure generation},
   journal   = {J. Comput. Aided Mol. Des.},
   pages     = {57--475},
   year      = {1994},
   volume    = {8}
}


@article{LM87,
   author    = {A. C. Legon and D. J. Millen},
   title     = {Directional character, strength, and nature of the hydrogen bond in the gas phase},
   journal   = {Acc. Chem. Res.},
   pages     = {39--45},
   year      = {1987},
   volume    = {20}
}


@article{LN96,
   author    = {S. L. Lin and R. Nussinov},
   title     = {Molecular recognition via face center representation of a molecular surface},
   journal   = {J. Mol. Graphics},
   pages     = {78--90},
   year      = {1996},
   volume    = {14}
}


@article{LNF+94,
   author    = {S. L. Lin and R. Nussinov and D. Fischer and H. J. Wolfson},
   title     = {Molecular surface representations by Sparse Critical points},
   journal   = {Proteins},
   pages     = {94--101},
   year      = {1994},
   volume    = {18}
}


@article{LP88,
   author    = {M. Levitt and M. F. Perutz},
   title     = {Aromatic Rings Act as Hydrogen Bond Acceptors},
   journal   = {J. Mol. Biol.},
   pages     = {751--754},
   year      = {1988},
   volume    = {201}
}


@article{LR96,
   author    = {T. Lengauer and M. Rarey},
   title     = {Computational methods for biomolecular docking},
   journal   = {Curr. Op. in Struct. Biol.},
   pages     = {402--406},
   year      = {1996},
   volume    = {6}
}


@inproceedings{LW88,
   author    = {Y. Lamdan and H. J. Wolfson},
   title     = {Geometric hashing: a general and efficient model-based recognition scheme},
   booktitle = {Proceedings of the IEEE Int. Conf. on Computer Vision},
   pages     = {238--249},
   year      = {1988},
   journal   = {Proceedings of IEEE Int Conf. on Computer Vision}
}


@article{LWS+95,
   author    = {B. A. Luty and Z. R. Wasserman and P. F. W. Stouten
       and C. N. Hodge and M. Zacharias and J. A. McCammon},
   title     = {A molecular mechanics/grid method for evaluation of ligand-receptor interactions},
   journal   = {J. Comput. Chem.},
   pages     = {454--464},
   year      = {1995},
   volume    = {16}
}


@article{Lea94,
   author    = {A. R. Leach},
   title     = {Ligand docking to proteins with discrete side-chain flexibility},
   journal   = {J. Mol. Biol.},
   pages     = {345--356},
   year      = {1994},
   volume    = {235}
}


@inproceedings{Len95,
   author    = {Hans-Peter Lenhof},
   editor    = {Dietmar Schomburg and Uta Lessel},
   title     = {An algorithm for the protein docking problem},
   booktitle = {Bioinformatics: From nucleic acids and proteins to cell
       metabolism. GBF Monographs Volume 18},
   pages     = {125--139},
   year      = {1995}
}


@techreport{Len95T,
   author    = {H. P. Lenhof},
   title     = {An algorithm for the protein docking problem},
   institution = {Max-Planck-Institut f"ur Informatik},
   year      = {1995},
   month     = {August},
   address   = {Im Stadtwald, 66123 Saarbr"ucken, Germany}
}


@inproceedings{Len97,
   author    = {Hans-Peter Lenhof},
   title     = {New contact measures for the protein docking problem},
   booktitle = {Proc.\ of the First Annual International Conference on
       Computational Molecular Biology RECOMB 97},
   pages     = {182--191},
   year      = {1997}
}


@techreport{Len97T,
   author    = { H. P. Lenhof},
   title     = {New contact measures for the protein docking problem},
   institution = {Max-Planck-Institut f"ur Informatik},
   year      = {1997},
   month     = {February},
   address   = {Im Stadtwald, 66123 Saarbr"ucken, Germany}
}


@article{MBI+97,
   author    = {A. M. Micu and B. Bagheri and A. V. Ilin and L. R. Scott and B. M. Pettitt},
   title     = {Numerical considerations in the computation of the electrostatic free energy of interaction within the Poisson-Boltzmann theory},
   journal   = {J. Comp. Phys.},
   pages     = {263--271},
   year      = {1997},
   volume    = {136}
}


@article{MDL97,
   author    = {M. De Maeyer and J. Desmet and I. Lasters},
   title     = {All in one: a highly detailed rotamer library improves both accuracy and speed in the modelling of sidechains by dead-end elimination},
   journal   = {Folding and Design},
   pages     = {53--66},
   year      = {1997},
   volume    = {2}
}


@article{MJ88,
   author    = {C. A. McPhalen and M. N. G. James},
   title     = {Structural Comparison of Two Serine Proteinase-Protein  Inhibitor Complexes: Eglin-C - Subtilisin Carlsberg \& CI-2-Subtilisin Novo},
   journal   = {Biochemistry},
   pages     = {6582--6598},
   year      = {1988},
   volume    = {27}
}


@article{MKU+94,
   author    = {M. D. Miller S. K. Keareley D. J. Underwood and R. P. Sheridan},
   title     = {FLOG: a system to select 'quasi-flexible' ligands complementary to a receptor of known three-dimensional structure},
   journal   = {J. Comput. Aided Mol. Des.},
   pages     = {153--174},
   year      = {1994},
   volume    = {8}
}


@article{MKU+94a,
   author    = {M. D. Miller and S. K. Kearsley and D. J. Underwood and R. P. Sheridan},
   title     = {FLOG: a system to select 'quasi-flexible' ligands complementary to a recepto of known three-dimensional structure},
   journal   = {J. Comp.-Aid. Mol. Des.},
   pages     = {153--174},
   year      = {1994},
   volume    = {8}
}


@article{MMB+75,
   author    = {F. A. Momany and R. F. McGuire and A. W. Burgess and
       H. A. Scheraga},
   title     = {Energy parameters in polypeptides. Geometric parameters. partial atomic charges, nonbonded interactions, hydrogen bond interactions, and intrinsic torsional potentials  for the naturally occuring amino acids},
   journal   = {J. Phys. Chem.},
   pages     = {2373--2381},
   year      = {1975},
   volume    = {79}
}


@article{MNH96+,
   author    = {J. D. Madura and Y. Nakajima and R. M. Hamilton and A. Wierzbicki and A. Warshel},
   title     = {Calculations of the electrostatic free energy contributions to the binding free energy of sulfonamides to carbonic anhydrase},
   journal   = {Struct. Chem.},
   pages     = {131--138},
   year      = {1996},
   volume    = {7}
}


@article{MP89,
   author    = {J. B. O. Mitchell and S. L. Price},
   title     = {On the electrostatic directionality of N-H...O=C hydrogen bonding},
   journal   = {Chem. Phys. Lett.},
   pages     = {262--272},
   year      = {1989},
   volume    = {154}
}


@article{MT94,
   author    = {I. K. McDonald and J. M. Thornton},
   title     = {Satisfying Hydrogen Bonding Potential in Proteins},
   journal   = {J.Mol.Biol.},
   pages     = {777--793},
   year      = {1994},
   volume    = {238}
}


@article{MT94a,
   author    = {M. Y. Mizutani and N. Tomioka and A. Itai},
   title     = {Regional automatic search method for stable docking models of protein and ligand},
   journal   = {J. Mol. Biol.},
   pages     = {310--326},
   year      = {1994},
   volume    = {243}
}


@article{MWS96,
   author    = {M.\ Meyer and P.\ Wilson and D.\ Schomburg},
   title     = {Hydrogen bonding and molecular surface shape complementarity as a basis for protein docking},
   journal   = {J.\ Mol.\ Biol.},
   pages     = {199--210},
   year      = {1996},
   volume    = {264},
   number    = {1}
}


@article{NBR97,
   author    = {M. Nina and D. Beglov and B. Roux},
   title     = {Atomic radii for continum electrostatics calculations based on molecular dynamics free energy simulations},
   journal   = {J. Phys. Chem.},
   pages     = {5239--5248},
   year      = {1997},
   volume    = {101}
}



@article{NH91,
   author    = {A. Nicholls and B. Honig},
   title     = {A rapid finite difference algorithm, utilizing succesive over relaxation to solve the Poisson-Boltzmann equation},
   journal   = {J. Comput. Chem.},
   pages     = {435--445},
   year      = {1991},
   volume    = {12},
   number    = {4}
}


@article{NKN+85,
   author    = {H. Nakamura and K. Komatsu and S. Nakakgawa and H. J. Umeyama},
   title     = {Visualization of electrostatic  recognition by enzymes for their ligands and cofactors},
   journal   = {J. Mol. Graphics},
   pages     = {2--11},
   year      = {1985},
   volume    = {3}
}


@article{NLW+94,
   author    = {R. Norel and S. L. Lin and H. J. Wolfson and R. Nussinov},
   title     = {Shape Complementarity at Protein-Protein Interfaces},
   journal   = {Biopolymers},
   pages     = {933--940},
   year      = {1994},
   volume    = {34}
}


@article{NLW+95,
   author    = {R. Norel and S. L. Lin and H. J. Wolfson and  R. Nussinov},
   title     = {Molecular Surface Complementarity at Protein-Protein Interfaces: The Critical Role Played by Surface Normals at Well Placed, Sparse, Points in Docking},
   journal   = {J. Mol. Biol.},
   pages     = {263--273},
   year      = {1995},
   volume    = {252}
}


@article{NW91,
   author    = {R. Nussinov and H. J. Wolfson},
   title     = {Efficient detection of three-dimensional structural motifs in biological macromolecules by computer vision techniques},
   journal   = {Proc. Nati. Acad. Sci.},
   pages     = {10495--10499},
   year      = {1991},
   volume    = {88}
}


@article{OKD95,
   author    = {C. M. Oshiro and I. D. Kuntz and J. S. Dixon},
   title     = {Flexible ligand docking using a genetic algorithm},
   journal   = {J. Comput. Aided Mol. Des.},
   pages     = {113--130},
   year      = {1995},
   volume    = {9}
}


@article{PD95,
   author    = {C. S. Poomima and P. M. Dean},
   title     = {Hydration in drug design. 1. Multiple hydrogen bonding features of water molecules in mediating protein-ligand interactions},
   journal   = {J. Comput. Aided Mol. Des.},
   pages     = {500--512},
   year      = {1995},
   volume    = {9}
}


@article{PK94,
   author    = {P. Prabhakar and A. M. Kayastha},
   title     = {Mechanism of DNA-drug interactions},
   journal   = {Appl. Biochem. Biotechnol.},
   pages     = {39--55},
   year      = {1994},
   volume    = {47}
}


@article{PPL96,
   author    = {Jiun-Tyng Pan and Wen-Jiun Peng and Thy-Hou Lin},
   title     = {A novel charge distribution method for numerical solutin of the Poisson-Boltzmann equation},
   journal   = {J. Chin. Chem. Soc.},
   pages     = {7--16},
   year      = {1996},
   volume    = {43}
}


@inproceedings{RKL95,
   author    = {M. Rarey and B. Kramer and T. Lengauer},
   editor    = {Rawlings C, Clark D, Ahman R,Hunter L, Lengauer T, Wodak S},
   title     = {Time-efficient docking of flexible ligands into active sites of proteins},
   booktitle = {In Proceedings of the Third Internabonal Conference on Intelligent Systems in Molercular Biology},
   pages     = {300--308},
   year      = {1995},
   publisher = {AAAI Press},
   adress    = {Menlo Park CA}
}


@article{RPB+97,
   author    = {W. H. Richardson and C. Peng and D. Bashford and L. Noodleman and D. A. Case},
   title     = {Incorporating solvation effects into density functional theory: calculation of absolute acidities},
   journal   = {Int. J. Quantum Chem.},
   pages     = {207--217},
   year      = {1997},
   volume    = {61}
}


@article{RRR+97,
   author    = {A. A. Rashin and B. H. Rashin and A. Rashin and R. Abagyan},
   title     = {Evaluating the energetics of empty cavities and internal mutations in proteins},
   journal   = {Prot. Sci.},
   pages     = {2143--2158},
   year      = {1997},
   volume    = {6}
}


@article{RWJ96,
   author    = {J. Ruppert and W. Welch and A. N. Jain},
   title     = {Automatic identification and representation of protein binding sites for molecular docking},
   journal   = {Prot. Sci.},
   pages     = {524--533},
   year      = {1997},
   volume    = {6}
}


@article{RWL96,
   author    = {M. Rarey and S. Wefing and T. Lengauer},
   title     = {Placement of medium-sized molecular fragments into active sites of proteins},
   journal   = {J. Comp.-Aided Mol. Design},
   pages     = {41--54},
   year      = {1996},
   volume    = {10}
}


@article{Ric74,
   author    = {F. M. Richards},
   title     = {The Interpretation or Protein Structures: Total Volume. Group Volume Distributions and Packing Density},
   journal   = {J. Mol. Biol.},
   pages     = {1--14},
   year      = {1974},
   volume    = {82}
}


@article{Ric77,
   author    = {F. M. Richards},
   title     = {Areas. Volumes Packing and Protein structure},
   journal   = {Ann. Rev. Biophysics. Bioeng.},
   pages     = {151--176},
   year      = {1977},
   volume    = {6}
}


@article{SBK92,
   author    = {B. K. Shoichet and D. L. Bodian and I. D. Kuntz},
   title     = {Molecular docking using shape descriptors},
   journal   = {J. Comput. Chem.},
   pages     = {380--397},
   year      = {1992},
   volume    = {13}
}


@article{SCR91,
   author    = {A. S. Smellie and G. M. Crippen and W. G. Richards},
   title     = {Fast drug receptor mapping by site  directed distances: A novel method of predicting new pharmacological leads},
   journal   = 
       {J. Chem. Inf Comp. Sci.},
   pages     = {386--399},
   year      = {1991},
   volume    = {31}
}


@article{SEK+96,
   author    = {N. C. J. Strynadka and M. Eisenstein and E. Katchalski-Katzir and B. K. Shoichet and I. D. Kuntz and R. Abagyan and M. Trotov and J. Janin and J. Cherfils and F. Zimmerman and A. Olson and B. Duncan and M. Rao and R. Jackson and M. Sternberg and M. N. G. James},
   title     = {Molecular docking programs successfully predict the binding of a $\beta$-lactase inhibitory protein to {TEM-1} $\beta$-lactamase},
   journal   = {Nat. Struct. Biol.},
   pages     = {233--239},
   year      = {1996},
   volume    = {3},
   number    = {3}
}


@article{SF96,
   author    = {G. Schreiber and A. R. Fersht},
   title     = {Rapid, electrostatically assisted association of proteins},
   journal   = {Nat. Struc. Biol.},
   pages     = {427--431},
   year      = {1996},
   volume    = {3},
   number    = {5}
}


@article{SK91,
   author    = {B. K. Shoichet and I. D. Kuntz},
   title     = {Protein docking and complementarity},
   journal   = {J. Mol. Biol.},
   pages     = {79--102},
   year      = {1991},
   volume    = {221}
}


@article{SK93,
   author    = {B. K. Shoichet and I. D. Kuntz},
   title     = {Matching Shape and Chemistry in Molecular docking},
   journal   = {Protein Eng.},
   pages     = {723--732},
   year      = {1993},
   volume    = {6}
}


@article{SK96,
   author    = {B. K. Shoichet and I. D. Kuntz},
   title     = {Predicting the structure of protein complexes: a step in the right direction},
   journal   = {Chem. \& Biol.},
   pages     = {151--156},
   year      = {1996},
   volume    = {3},
   number    = {3}
}


@article{SKM97,
   author    = {K. Soda and K. Kakuyama and Y. Miki},
   title     = {Non-random ionic-charge distribution responsible for the structural stability and molecular recognition of proteins},
   journal   = {BioSystems},
   pages     = {199--204},
   year      = {1997},
   volume    = {43}
}


@article{SNW95,
   author    = {B. Sandak and R. Nussinov and H. J. Wolfson},
   title     = {An automated computer vision and robotics-based technique for 3-{D} flexible biomolecular docking and matching},
   journal   = {Comput. Appl. Biosci.},
   pages     = {87--99},
   year      = {1995},
   volume    = {11}
}


@inproceedings{SNW96,
   author    = {B. Sandak and R. Nussinov and H. J. Wolfson},
   editor    = {Hirschberg, Dan and Myers, Gene},
   title     = {Docking of conformationally feasible proteins},
   booktitle = {Combinatorial pattern matching (CPM-96) : 7th Annual Symposium, Laguna Beach, CA, USA, June 10-12, 1996},
   pages     = {271--287},
   year      = {1996},
   publisher = {Springer},
   address   = {Berlin},
   volume    = {1075},
   series    = {LNCS},
   location  = {MPI-ZB},
   idnumber  = {MPI-I-B-5624},
   signature = {Proceedings: LNCS 1075},
   shelf     = {LNCS},
   isbn      = {3-540-61258-0},
   status    = {reference copy},
   crindex   = {LNCS.1075},
   bibtype   = {PROCEEDINGS}
}


@article{SPD+92,
   author    = {D. F. Stickle and L. G. Presta and K. A. Dill and
       G. D. Rose},
   title     = {Hydrogen bonding in globular proteins},
   journal   = {J. Mol. Biol.},
   pages     = {1143--1159},
   year      = {1992},
   volume    = {226}
}


@article{SSH94,
   author    = {D. Sitkoff and K. A. Sharp and B. Honig},
   title     = {Accurate Calculation of hydration free energies using macroscopic solvent models},
   journal   = {J. Phys. Chem.},
   pages     = {1978--1988},
   year      = {1994},
   volume    = {98},
   number    = {7}
}


@article{SSK97,
   author    = {M. Schaefer and M. Sommer and M. Karplus},
   title     = {pH-dependence of protein stability: absolute electrostatic free energy differences between conformations},
   journal   = {J. Phys. Chem.},
   pages     = {1663--1683},
   year      = {1997},
   volume    = {101}
}



@article{SWP+82,
   author    = {S. J. Smith-Gill and A. C. Wilson and M. Potter and
       E. M. Prager and R. J. Feldmann and C. R. Mainhart},
   title     = {Mapping the antigenic epitope for a monoclonal antibody against  lysozyme},
   journal   = {J. Immunol.},
   pages     = {314--322},
   year      = {1982},
   volume    = {128}
}


@article{SWV+96,
   author    = {V. Sobolev and R. C. Wade and G. Vriend and M. Edelman},
   title     = {Molecular docking using surface complementary},
   journal   = {Proteins},
   pages     = {120--129},
   year      = {1996},
   volume    = {25}
}


@article{Sha96,
   author    = {K. A. Sharp},
   title     = {Electrostatic interactions in hirudin-thrombin binding},
   journal   = {Biophys. Chem.},
   pages     = {37--49},
   year      = {1996},
   volume    = {61}
}


@article{TA94,
   author    = {M. Totrov and R. Abagyan},
   title     = {Detailed ab initio prediction of lysozyme-antibody complex with 1.6~{{\AA}} accuracy},
   journal   = {Nat. Struct. Biol.},
   pages     = {259--263},
   year      = {1994},
   volume    = {1}
}


@article{TA96,
   author    = {M. Totrov and R. Abagyan},
   title     = {The contour-buildup algorithm to calculate the analytical molecular surface},
   journal   = {J. Struct. Biol.},
   pages     = {138--143},
   year      = {1996},
   volume    = {116}
}


@article{TDo96,
   author    = {K. Tazaki and J. Dol},
   title     = {Effective atomic charge model for solvent and ion screening effect in iterative calculation and application to {M}onte {C}arlo simulation},
   journal   = {J. Phys. Chem.},
   pages     = {14520--14525},
   year      = {1996},
   volume    = {100}
}


@article{TKV83,
   author    = {R. Taylor and O. Kennardand W. Versichel},
   title     = {Geometry of the N-H....O=C bond. Lone  pair directionality},
   journal   = {J. Am. Chem. Soc.},
   pages     = {5761--5766},
   year      = {1983},
   volume    = {105}
}


@article{TLW+96,
   author    = {C.-J. Tsai and S. L. Lin and H. J. Wolfson and R. Nussinov},
   title     = {A dataset of protein-protein interfaces generated with a sequence-order-independent comparison technique},
   journal   = {J. Mol. Biol.},
   pages     = {604--620},
   year      = {1996},
   volume    = {260}
}


@article{TMM93,
   author    = {J. M. Thornton and M. W. MacArthur and I. K. McDonald
       and D. T. Jones and J. B. O. Mitchell and
       C. L. Nandi and S. L. Price and M. J. J. M. Zvelebil},
   title     = {Protein structures and complexes: What they reveal about the interactions  that stabilize them},
   journal   = {Phil. Trans. Roy. Soc.},
   pages     = {113--129},
   year      = {1993},
   volume    = {A. 345}
}


@article{TMM93a,
   author    = {J. M. Thornton and M. W. MacArthur and I. K. McDonald and D. T. Jones and J. B. O. Mitchell and C. L. Nandi and S. L. Price and M. J. J. M. Zvelebil},
   title     = {Protein structures and complexes: what they reveal about the interactions that stabilize them},
   journal   = {Phil. Trans. R. Soc. Lond.},
   pages     = {113--129},
   year      = {1993},
   volume    = {345}
}


@article{TOB97,
   author    = {K. A. Thomasson and I. V. Ouporov and T. Baumgartner and J. Czlapinski and T. Kalor and S. H. Northrup},
   title     = {Free energy of nonspecific binding of cro repressor protein to DNA},
   journal   = {J. Phys. Chem.},
   pages     = {9127--9136},
   year      = {1997},
   volume    = {101}
}


@article{Tat96,
   author    = {M. Tateno},
   title     = {Docking simulation of protein and RNA molecules by computer modeling and molecular dynamics calculation},
   journal   = {RIKEN Review},
   pages     = {5--6},
   year      = {1996},
   number    = {14}
}


@article{Tay92,
   author    = {W. Taylor},
   title     = {New paths from dead ends},
   journal   = {Nature},
   pages     = {478--480},
   year      = {1992},
   volume    = {356}
}


@article{VA94,
   author    = {I. A. Vakser  and C. Aflalo},
   title     = {Hydrophobic docking: a proposed enhancement to molecular recognition techniques},
   journal   = {Proteins},
   pages     = {320--32},
   year      = {1994},
   volume    = {20}
}


@article{VS96,
   author    = {Y. N. Vorobjev and H. A. Scheraga},
   title     = {A fast adaptive multigrid boundary element method for macromolecular electrostatic computations in a solvent},
   journal   = {J. Comput. Chem.},
   pages     = {569--583},
   year      = {1997},
   volume    = {18},
   number    = {4}
}


@article{Vak95,
   author    = {I. A. Vakser},
   title     = {Protein docking for low-resolution structures},
   journal   = {Protein Eng.},
   pages     = {371--377},
   year      = {1995},
   volume    = {8}
}


@article{Vak96,
   author    = {I. A. Vakser},
   title     = {Low resolution docking: prediction of complexes for underdetermined structures},
   journal   = {Biopolymers},
   pages     = {455--464},
   year      = {1996},
   volume    = {39}
}


@article{WCM96,
   author    = {D. R. Westhead and D. E. Clark and C. W. Murray},
   title     = {A comparison of heuristic search algorithms for molecular docking},
   journal   = {J. Comp.-Aided Mol. Design},
   pages     = {209--228},
   year      = {1997}
}


@article{WS92,
   author    = {P. H. I. Walls and M. J. E. Sternberg},
   title     = {New algorithm to model protein-protein recognition based on surface complementarity},
   journal   = {J. Mol. Biol.},
   pages     = {277--297},
   year      = {1992},
   volume    = {228}
}


@article{WS97,
   author    = {W. Wriggers and K. Schulten},
   title     = {Protein domain movements: detection of rigid domains and visualization of hinges in comparisons of atomic coordinates},
   journal   = {Proteins},
   pages     = {1--14},
   year      = {1997},
   volume    = {29}
}


@article{Wan91,
   author    = {H. Wang},
   title     = {Grid-search molecular accessible surface algorithm for solving the docking  problem},
   journal   = {J. Comput. Chem.},
   pages     = {746--750},
   year      = {1991},
   volume    = {12}
}


@article{Wlo94,
   author    = {A. Wlodawer},
   title     = {Rational drug design: the proteinase inhibitors},
   journal   = {Pharmacotherapy},
   pages     = {9--20},
   year      = {1994},
   volume    = {14(suppl2)}
}


@article{YI93,
   author    = {M. Yamada and A. Itai},
   title     = {Development of an efficent automated docking method},
   journal   = {Chem. Pharm. Bull.},
   pages     = {1200--1202},
   year      = {1993},
   volume    = {41}
}


@article{YJC94,
   author    = {L. Young and R. L. Jernigan and D. G. Covell},
   title     = {A role for surface hydrophobicity in  protein-protein recognition},
   journal   = {Protein Sci.},
   pages     = {717--729},
   year      = {1994},
   volume    = {3}
}


@article{ZCD97,
   author    = {C. Zhang and J. L. Cornette and C. DeLisi},
   title     = {Consistency in structural energetics of protein folding and peptide recognition},
   journal   = {Prot. Sci.},
   pages     = {1059--1064},
   year      = {1997},
   volume    = {6}
}


@article{ZPV+96,
   author    = {Z. Zhou and P. Payne and M. Vasquez and N. Kuhn and M. Levitt},
   title     = {Finite-difference solution of the Poisson-Boltzmann equation: complete elimination of self-energy},
   journal   = {J. Comput. Chem.},
   pages     = {1344--1351},
   year      = {1996},
   volume    = {11},
   number    = {11}
}

@article{ZYY95,
   author    = {X. Zhexin and S. Yunyu and X. Yinwu},
   title     = {Solving the finite-difference, nonlinear, Poisson-Boltzmann equation under a linear approach},
   journal   = {J. Comput. Chem.},
   pages     = {200--206},
   year      = {1995},
   volume    = {16},
   number    = {2}
}
@article{MH91,
	author = {Moon, J.B. and Howe, W.J.},
	journal = {Proteins: Struct. Funct. Genetics},
	title = {Computer design of bioactive molecules: A method for receptor--based de novo
					Ligand design},
	volume = {11},
	year ={1991},
	pages = {314--328},
}
@article{RKL+96,
	author = {Matthias Rarey and Bernd Kramer and Thomas Lengauer and Gerhard Klebe},
	title = {A Fast Flexible Docking Method using an Incremental Construction Algorithm},
	journal = {J. Mol. Biol.},
	volume = {261},
	pages = {470--489},
	year = {1997},
}
@Article{MSK92,
  author = 	 {E.C. Meng and B.K. Shoichet and I.D. Kuntz},
  title = 	 {Automated Docking with Grid-Based Energy Evaluation},
  journal =	 {J. Comput. Chem.},
  year =	 {1992},
  volume =	 {13},
  pages =	 {505--524}
}
  
@Article{Kol94,
	author = "Peter A. Kollman",
  title =  " Theory of macromolecule-ligand interactions",
  journal = "Curr. Opin. Struct. Biol.",
  year = "1994",
  volume = "4",
  pages = "240--245"
}

@Article{MKU+94,
  author = 	 {M.D. Miller and S.K. Kearsley and D.J. Underwood and
		  R.P. Sheridan},
  title = 	 {FLOG: A system to select 'quasi-flexible' ligands
		  complementary to a receptor of known
		  three-dimensional structure},
  journal =	 {J. Comp.-Aided Mol. Design},
  year =	 {1994},
  volume =	 {8},
  pages =	 {153--174}
}

@Article{PR87,
  author = 	 {J.W. Ponder and F.M. Richards},
  title = 	 {Tertiary Templates for Proteins -- Use of Packing
		  Criteria in the Enumeration of Allowed Sequences for
		  Different Structural Classes},
  journal =	 {J. Mol. Biol.},
  year =	 {1987},
  volume =	 {193},
  pages =	 {775--791}
}
		
@Article{WCJ+97,
  author = 	 {J.M. Wang and L.R. Chen and F. Jing and X.J. Xu},
  title = 	 {A modified soft docking method for proteins and peptides},
  journal =	 {Chin. Chem. Let.},
  year =	 {1997},
  volume =	 {8},
  number =	 {7},
  pages =	 {615--618}
}

@article{DC97,
	author = {Roland L. Dunbrack and Fred E. Cohen},
	title = {Bayesian statistical analysis of protein side-chain rotamer preferences},
	journal = {Protein Science},
	volume = {6},
	year = {1997},
	pages = {1661--1681},
}

@article{WVD96,
   author    = {Zhiping Weng and Sandor Vajda and Charles Delisi},
   title     = {Prediction of protein complexes using empirical free energy functions},
   journal   = {Protein Science},
   pages     = {614--626},
   year      = {1996},
   volume    = {5},
}
@article{BN92,
	author = {Bruccoleri, R. E. and Novotny, J},
	title = {Antibody modeling using the conformational search program {CONGEN}},
	year = {1992},
	journal = {Immunomethods},
	volume = {1},
	pages = {96--106},
}
@inproceedings{NLX+98,
	author = {Raquel Norel and Shuo L. Lin and Dong Xu and Haim J. Wolfson and Ruth Nussinov},
	title = {Molecular Surface Variability and Induced Conformational Changes Upon Protein-Protein Association},
	booktitle = {Structure, Motion, Interaction and Expression of Biological Macromolecules. Proceedings of the Tenth Conversation. State University of New York},
	editor = {Ramaswamy H Sarma and Mukti H. Sarma},
	year = {1998},
	publisher = {Adenine Press},
	pages = {33--51},
}
@article{JS94,
	author = {Richard M. Jackson and Michael J. E. Sternberg},
	title = {A Continuum Model for Protein-Protein Interactions: Application to 
					 the Protein Docking Problem},
	year = {1995},
	journal = {J. Mol. Biol.},
	volume = {250},
	pages = {258--275},
}
@article{JGS98,
	author = {Richard M. Jackson and Henry A. Gabb and Michael J. E. Sternberg},
	title = {Rapid Refinement of Protein Interfaces Incorporating Solvation: Application to the Protein Docking Problem},
	journal = {J. Mol. Biol.},
	year = {1998},
	volume = {276},
	pages = {265--285},
}
@article{Lau94,
	author = {Laughton, C. A.},
	title = {Prediction of protein side-chain conformations from local three-dimensional homology relationships},
	journal = {J. Mol. Biol.},
	volume = {235},
	year = {1994},
	pages = {1088--1097},
}
@article{HS92,
	author = {Holm, L. and Sander, C.},
	title = {Fast and simple Monte Carlo algorithm for side-chain optimization in proteins: application to model building by homology},
	journal = {Proteins},
	volume = {14},
	year = {1992},
	pages = {213--223},
}
@article{KD94,
	author = {Koehl, Patrice and Delarue, Marc},
	title = {Application of a self-consistent mean field theory to predict protein
					side-chains conformation and estimate their conformational entropy},
	journal = {J. Mol. Biol},
	year = {1994},
	pages = {249--275},
	volume = {239},
}
@article{PDB,
	author = {F.C. Bernstein and T.F. Koetzle and G.J. Williams and E.E. {Meyer Jr} and M.D. Brice
						and J.R. Rodgers and O. Kennard and T. Shimanouchi and M. Tasumi},
	title = {The Protein Data Bank: a computer-based archival file for macromolecular structures},
	journal = {J. Mol. Biol.},
	volume = {112},
	year = {1977},
	pages = {535},
}
@article{LL98,
	author = {Andrew R. Leach and Andrew P. Lemon},
	title = {Exploring the Conformational Space of Protein Side Chains Using Dead-End Elimination and the A* Algorithm},
	journal = {Proteins: Struct., Function, and Genet.},
	volume = {33},
	year = {1998},
	pages = {227--239},
}
