
@article{BSL+87,
    author  = {P. Bash and U. C. Singh and R. Langridge and P. A. Kollman},
    journal = Science,
    pages   = 564,
    year    = 1987,
    volume  = 236,
}


@article{BD89,
    author  = {D. Beveridge and F. M. DiCapua},
    journal = {Annu. Rev. Biophys. Biophys. Chem.},
    pages   = 431,
    year    = 1989,
    volume  = 18,
    note    = kopieren
}


@article{BND+96,
    author  = {Robert E. Bruccoleri and Jiri Novotny and Malcolm E. Davis and Kim A. Sharp},
    title   = {Finite Difference Poisson-Boltzmann Electrostatic Calculations: Increased Accuracy Achieved by Harmonic Dielectric Smoothing and Charge Antialiasing},
    journal = {J. Comp. Chem.},
    pages   = {268--276},
    year    = 1997,
    volume  = 18,
    number  = 2,
}


@article{CSJ84,
    author  = {J. Chandrasekhar and D. C. Spellmeyer and W. L. Jorgensen},
    journal = {J. Am. Chem. Soc.},
    pages   = 903,
    year    = 1984,
    volume  = 106,
    note    = kopieren
}


@article{GH88,
    author  = {M. Gilson and Barry Honig},
		title = {Calculation of the total electrostatic energy of a macromolecular system: solvation energies, binding energies, and conformational analysis},
    journal = {Proteins: Struct. Funct. Genet.},
    pages   = {7--18},
    year    = 1988,
    volume  = 4,
}


@article{GSH88,
    author  = {M. Gilson and J. Sharp and B. Honig},
    journal = {J. Comp. Chem.},
    pages   = 327,
    year    = 1988,
    volume  = 9,
    note    = kopieren
}


@article{JSH89,
    author  = {B. Jayaram and K. Sharp and B. Honig},
    journal = Biopolymers,
    pages   = 975,
    year    = 1989,
    volume  = 28,
}


@article{SH90,
    author  = {Kim A. Sharp and Barry Honig},
    title   = {Electrostatic Interactions in Macromolecules: Theory and Applications},
    journal = {Annu. Rev. Biophys. Biophys. Chem.},
    pages   = {301--332},
    year    = 1990,
    volume  = 19
}
