@article{FAW+95,
	title={Whole-genome random sequencing and assembly of {H}aemophilus influenzae {R}d.},
	author={Fleischmann, R.D. and Adams, M.D and White, O. and Kirkness, E.F. 
					and Kerlavage, A.R. and Bult, C.J. and  Tomb, J.F. and  Dougherty, B.A. and  Merrick, J.M.},
	journal={Science},
	months=jul,
	year={1995},
	volume={269},
	number={5223},
	pages={496--512},
}
