@article{OC91,
	title="A PROGRAMMING STYLE TAXONOMY",
	author="OMAN, P.W. and  COOK, C.R.",
	journal="Journal of Systems and Software",
 	volume={15},
	number={3},
	pages={287--301},
	year={1991},
	abstract={Programming style guidelines, style analyzers, and code formatters have been developed without a solid empirical or theoretical basis. In this paper we provide: (1) a justification for developing a
						programming style taxonomy, (2) an operational style taxonomy, (3) example applications of the taxonomy illustrating the diverse and sometimes contradictory nature of programming style
						guidelines, and (4) a discussion on how the taxonomy can be used to further teaching and research in programming style.

						The taxonomy provides a context for understanding and identifying specific style factors and empirical studies necessary to determine the effects of style on program comprehension. The results
						of this paper have a direct impact on programming instruction, programming standards, automated style analyzers, and code formatting tools like pretty-printers and syntax-directed editors.},
}
@article{HC86,
	title="A NOTE ON THE BERRY-MEEKINGS STYLE METRIC",
	author={Harrison, W. and Cook, C.R.},
	journal="Comm. ACM",
	year={1986},
	pages={123--125},
	volume={29},
	number={2},
}
@article{BM85,
	title="A style analysis of C programs",
	author={R. E. Berry and B. A. E. Meekings},
	journal={Comm. ACM},
	year={1985},
	pages={80--88},
	volume={28},
	number={1},
}
@article{GBB90,
	title={DEBUGGING EFFORT ESTIMATION USING SOFTWARE METRICS},
	author="N. Gorla and A.C. Benander and B.A. Benander",
	journal="IEEE TRANSACTIONS ON SOFTWARE ENGINEERING",
	volume={16},
	number={2},
	pages={223--231},
	year={1990},
}
@article{RA90,
	title="SOFTWARE METRICS - A USERS PERSPECTIVE",
	author={J.A. Redmond and R. Ahchuen},
	journal="J. of Systems and Software",
	volume="13",
	number={2},
	pages={97--110},
	year={1990},
}
@article{Pra95,
	title="Design and analysis of hierarchical software metrics",
	author="Prather, R.E",
	journal="ACM COMPUTING SURVEYS",	
	pages={497--518},
	volume={27},
	number={4},
	year={1995},
}
@article{SKV94,
	title={A SOFTWARE METRIC SET FOR PROGRAM MAINTENANCE MANAGEMENT},
	author={G.E. Stark and L.C. Kern and C.W. Vowell},
	journal={J. of Systems and Software},
	volume={24},
	number={3},
	pages={239--249},
	year={1994},
}
@article{CK91,
	title="TOWARDS A METRICS SUITE FOR OBJECT ORIENTED DESIGN",
	author={Chidamber, S.R. and Kemerer, C.F.},
	journal="SIGPLAN Notices",
	year={1991},
	pages={197--211},
	volume={26},
	number={11},
}
@article{GDT93,
	title="THE VERIFICATION, VALIDATION AND TESTING OF OBJECT-ORIENTED SYSTEMS",
	author="Graham, J.A. and A.C.T Drakeford and C.D. Turner",
	journal="BT Technology Journal",
	volume="11",
	number={3},
	pages={79--88},
	year={1993},
}
@article{Whi96,
	title="Object-oriented metrics: An annotated bibliography",
	author={R. Whitty},
	journal={ACM SIGPLAN Notices},
	volume={31},
	number={4},
	pages={45--75},
	year={1996},
}
@article{She88,
	title={A CRITIQUE OF CYCLOMATIC COMPLEXITY AS A SOFTWARE METRIC},
	author={Shepperd, M.},
	journal={Software Engineering Journal},
	number={2},
	volume={3},
	pages={30--36},
	year={1988},
}
@article{McC76,
	title={A complexity measure.},
	author={McCabe, T. J.},
	journal={IEEE Transactions on Software},
	year={1976},
	volume={2},
	number={4},
	pages={308--320},
}
	
@misc{CCCC,
  title={{C} and {\CPP} {C}ode {C}ounter},
  author={Time Littlefair},
  howpublished={{\tt http://cccc.netpedia.net/}, version 3pre6b},
  year={2000},
}
