@Book{NIHCL,
	title = "Data Abstraction and Object-Oriented Programming in {C}++",
	author = "Keith Gorlen and  Sandy Orlow and Perry Plexico",
	year = 1990,
	publisher = "John Wiley and Sons",
	ISBN="0471 92346 X",
}

@TechReport{CGAL,
  author = 	 "Andreas Fabri and Geert-Jan Giezeman and Lutz
		  Kettner and Stefan Schirra and Sven Sch{\"o}nherr",
  title = 	 "On the Design of {CGAL}, the {C}omputational {G}eometry
		  {A}lgorithms {L}ibrary",
  institution =  "Max-Planck-Institut f{\"u}r Informatik",
  year = 	 1998,
  number = 	 "MPI-I-98-1-007",
  address = 	 "Saarbr{\"u}cken",
  month = 	 feb,

}

@InProceedings{VJ97,
  author = 	 "Todd L. Veldhuizen and M. Ed Jernigan",
  title = 	 "Will {C}++ be Faster than {F}ortran?",
  year =         "1997",
  booktitle =    "Scientific Computing in Object Oriented Parallel
		  Environments; First International Conference
		  (ISCOPE97). Marina del Rey, California, December 8-11, 1997: Proceedings",
  editor =       "Ishikawa, Yutaka and Oldehoeft, Rodney R. and Reynders, John V. W. and Tholburn, Marydell", 
  publisher =    "Springer",
  address =      "Berlin - Heidelberg - New York",
  isbn =         "3-540-63827-X",
}

@Article{SCL,
  author = 	 "Wolfgang Vahrson and Klaus Hermann and J{\"u}rgen Kleffe
		  and Burghardt Wittig",
  title = 	 "Object-oriented sequence analysis: {SCL} -- a {C}++ class
		  library",
  journal =	 "{CABIOS}",
  year =	 "1996",
  volume =	 "12",
  number =	 "2",
  pages =	 "119--127",
}

@Article{PDBLib,
  author = 	 "W. Chang and I.N. Shindyalov and C. Pu and P.E. Bourne",
  title = 	 "Design and application of {PDBLib}, a {C}++
		  macromolecular class library",
  journal =	 "{CABIOS}",
  year =	 "1994",
  volume =	 "10",
  number =	 "6",
  pages =	 "575--586",
}


@Misc{Python,
  author =       "Guido van Rossum",
  title =	 "Python version 1.5.1",
  howpublished = "http://www.python.org",
}

@Misc{CVS,
  key =       "CVS",
  title =	 "The Concurrent Versions System",
  howpublished = "http://www.sourcegear.com/CVS",
}

@Misc{QT,
  title =         "{QT} release 2.02",
  howpublished =        "{Troll~Tech~AS}",
  note =  "http://www.troll.no/products/qt.html",
	key = "QT",
}

@Misc{doc++,
  author =        "Malte Z{\"o}ckler and Roland Wunderling",
  howpublished =  "http://www.zib.de/Visual/software/doc++/",
  title =         "{DOC}++ version 3.2",
}

@Misc{Babel,
  author =        "Pat Walters and Matt Stahl",
  howpublished =  "University of Arizona",	
  title =         "{BABEL} version 1.6",
}


@InProceedings{MMTK,
  title =        "The {M}olecular {M}odelling {T}oolkit: a case study of a
                  large scientific application in Python", 
  author =       "Konrad Hinsen",
  pages =        "29--35",
  booktitle =    "Proceedings of the 6th International Python Conference",
  year =         1997,
  address =      "San Jose, Ca.",
  month =        oct
}
@Booklet{Cerius2SDK,
  key =          "Cerius",
  title = 	 "Cerius$^2$ Modeling Environment",
  howpublished = "Molecular Simulations Inc.",
  year = 	 "1997",
  address =	 "San Diego",
}

@Booklet{HyperChem,
  key =          "HyperChem",
  title = 	 "{HyperChem} Release 4.5",
  howpublished = "Hypercube Inc.",
  year =	 "1995",
}
		  
@BOOK{LEDA,
AUTHOR        = {Mehlhorn, Kurt and N{\"a}her, Stefan and Seel, Michael and Uhrig, Christian}, 
TITLE         = {The LEDA user manual : version 3.6},
PUBLISHER     = {Max-Planck-Institut f{\"u}r Informatik},
ADDRESS       = {Saarbr{\"u}cken},
YEAR          = {1998}
}
		  
@Booklet{ANSICPP,
  title = 	 "{P}rogramming {L}anguages -- {C}++",
  howpublished = "International Standard",
  address =	 "American National Standards Institute, New York",
  month =	 jul,
  year =	 1998,
  key =		 "ANSIC++",
  note =	 "Ref. No. ISO/IEC 14882:1998(E)"
}
		  
@BOOK{DesignPatterns,
AUTHOR        = {Gamma, Erich and Helm, Richard and Johnson, Ralph and Vlissides, John}, 
TITLE         = {Design patterns : elements of reusable object-oriented software},
PUBLISHER     = {Addison-Wesley},
ADDRESS       = {Reading, MA},
YEAR          = {1995},
ISBN          = {0-201-63361-2},
}
@BOOK{Cou97,
AUTHOR        = {Coulange, Bernard}, 
TITLE         = {Software reuse},
PUBLISHER     = {Springer},
ADDRESS       = {London},
YEAR          = {1997},
LOCATION      = {MPI-ZB},
IDNUMBER      = {MPI-I-B-6909},
SIGNATURE     = {Books: Coulange},
ISBN          = {3-540-76084-9},
STATUS        = {available},
BIBTYPE       = {BOOK},
}
		  
@BOOK{Mey97,
AUTHOR        = {Meyer, Bertrand}, 
TITLE         = {Object-Oriented Software Construction},
EDITION       = {2nd},
PUBLISHER     = {Prentice Hall PTR},
ADDRESS       = {New Jersey},
YEAR          = {1997},
}
		  
@article{Con83,
    author  = {M. L. Connolly},
    title   = {Analytical molecular surface calculation.},
    journal = {J. Appl. Crystallogr.},
    pages   = {548--558},
    year    = {1983},
    volume  = {16}
}
@article{WhatIf,
    author  = {G. Vriend},
    title   = {{WHAT IF}: A molecular modeling and drug design program},
    journal = {J. Mol. Graph.},
    pages   = {52--56},
    year    = {1990},
    volume  = {8}
}
@misc{BioPerl,
	key={BioPerl},
	title={BioPerl},
	howpublished={{\tt http://bioperl.org}},
}
@misc{BioPython,
	key={BioPython},
	title={BioPython},
	howpublished={{\tt http://biopython.org}},
}

@inproceedings{BKL99,
   author    = {N.P. Boghossian and O. Kohlbacher and H.-P. Lenhof},
   title     = {{BALL}: {B}iochemical {A}lgorithms {L}ibrary},
   booktitle = {Proc.\ of the Third Workshop on Algorithms Engineering WAE 99 (to appear)},
   year      = {1999},
	 publisher = {Springer, Berlin},
	 series		 = {Lecture Notes in Computer Science (LNCS)},
 	 address = "London, UK",
	 month = jun       
}

@TechReport{LaTeX2HTML,
  author = 	 "Nikos Drakos",
  title = 	 "The LaTeX to HTML translator",
  institution =  "Computer Based Learning Unit, University of Leeds",
  year = 	 1994,
  month = 	 jan,

}
	
@Book{KL93,
	author={Donald E. Knuth and Silvio Levy},
	title={The CWEB System of Structured Documentation, Version 3.0},
	publisher={Addison-Wesley}, 
	address={Reading, MA, USA},
	year={1993},
}

@Book{Aus98,
	title={Generic Programming and the STL},
	author={Matthew H. Austern},
	publisher={Addison-Wesley},
	address={Reading/MA, USA},
	year={1998},
}

@book{RFC1832,
	title={{XDR}: {E}xternal {D}ata {R}epresentation {S}tandard},
	author={R. Srinivasan},
	note={Request for Comments 1832},
	year={1995},
	publisher={Internet Engineering Task Force},
	howpublished={{\tt http://www.ietf.org}},
}
@book{RFC1014,
	title={{XDR}: {E}xternal {D}ata {R}epresentation {S}tandard},
	author={{{SUN}~{M}icrosystems}},
	note={Request for Comments 1014},
	year={1987},
	publisher={Internet Engineering Task Force, Networking Working Group},
	howpublished={{\tt http://www.ietf.org}},
}
