@BOOK{Jal97,
AUTHOR        = {Jalote, Pankaj},
TITLE         = {An integrated approach to software engineering},
EDITION       = {2nd ed.},
PUBLISHER     = {Springer},
YEAR          = {1997},
SERIES        = {Undergraduate texts in computer science},
LOCATION      = {MPI-ZB},
IDNUMBER      = {MPI-I-B-6587},
SIGNATURE     = {Books: Jalote},
ISBN          = {0-387-94899-6},
STATUS        = {borrowed},
BIBTYPE       = {BOOK},
}
@article{Jal87,
	author={Jalote, P},
	title={Synthesizing implementations of abstract data types from axiomatic specifications},
	journal={Software Practice and Experience},
	volume={17},
	number={11},
	pages={847--858},
	year=1987,
}
@book{UMLDistilled,
	title={UML distilled},
	author={Martin Fowler and Kendall Scott},
	year={1997},
	publisher={Addison Wesley},
}
@book{RJB99,
	title={The unified modeling language reference manual},
	author={James Rumbaugh and Ivar Jacobson and Grady Booch},
	year={1999},
	publisher={Addison Wesley},
}
@misc{UML1.3,
	title={Unified modeling language specification},
	author={{Object Management Group}},
	publisher={},
	year={1998},
	address={Framingham, Mass.},
	note={{\tt www.omg.org}},
}
