@TechReport{AKL+00,
  author =      	"Althaus, Ernst and Kohlbacher, Oliver and Lenhof, Hans-Peter and M{\"u}ller, Peter",
  title =      	  "A Branch--\&--Cut Algorithm for the Optimal Solution of the Side-Chain Placement Problem",
  institution = 	"Max-Planck-Institut f{\"u}r Informatik",
  year =   				2000,
  number =    		"MPI-I-2000-1-001",
  address =   		"Saarbr{\"u}cken",
  month =     		jan,
}
