@inproceedings{BKL99b,
	author  = {Boghossian, N.P. and Kohlbacher, O. and Lenhof, H.-P.}, 
  editor  = {Vitter, J.S. and Zaroliagis, C.D.},
  title   = {{BALL}: {B}iochemical {A}lgorithms {L}ibrary},
  booktitle = {Algorithm Engineering, 3rd International Workshop, {WAE}'99, Proceedings},
	series	= {Lecture Notes in Computer Science (LNCS)},
	publisher = {Springer},
  pages   = {330--344},
  year    = {1999},
	volume = {1668},
}
@inproceedings{KL99,
	author  = {Kohlbacher, O. and Lenhof, H.-P.}, 
  editor  = {},
  title   = {Rapid Software Prototyping in Computational Molecular Biology},
  booktitle = {Proceedings of the German Conference on Bioinformatics ({GCB}'99)},
  pages   = {},
  year    = {1999}
}
@TECHREPORT{BKL99a,
	AUTHOR        = {Boghossian, N.P. and Kohlbacher, O. and Lenhof, H.-P.}, 
	TITLE         = {{BALL}: {B}iochemical {A}lgorithms {L}ibrary},
	ADDRESS       = {Saarbr{\"u}cken},
	YEAR          = {1999},
	VOLUME        = {99-1-002},
	INSTITUTION   = {Max-Planck-Institut f{\"u}r Informatik},
	LOCATION      = {MPI-ZB},
	IDNUMBER      = {MPI-I-B-TR7144},
	SIGNATURE     = {Reports: Saarbr{\"u}cken},
	ISBN          = {0946-011X},
	STATUS        = {available},
	TYPE          = {research report},
	BIBTYPE       = {TECHREPORT},
}

@article{BKL2000,
	author = {Oliver Kohlbacher and Hans-Peter Lenhof},
	title = {{BALL} -- rapid software prototyping in computational molecular biology},
	journal = {Bioinformatics},
	year = {2000},
	pages = {815--824},
	volume = {16},
	issue = {9},
}

@misc{BALLCodingConventions,
	title={{BALL} {C}oding {C}onventions, Version 1.1},
	author={Oliver Kohlbacher},
	howpublished={{\tt http://www.mpi-sb.mpg.de/BALL/DOWNLOAD/coding\_1.1.ps}},
	year={2000},
}
	
@misc{BALL-RM,
	key={BALL Reference Manual},
	title={{BALL} {R}eference {M}anual},
	howpublished={{\tt http://www.mpi-sb.mpg.de/BALL/documentation.html}},
	year={2000},
}
	
@article{PDB,
  author = {F.C. Bernstein and T.F. Koetzle and G.J. Williams and E.E. {Meyer Jr} and M.D. Brice
            and J.R. Rodgers and O. Kennard and T. Shimanouchi and M. Tasumi},
  title = {The Protein Data Bank: a computer-based archival file for macromolecular structures},
  journal = {J. Mol. Biol.},
  volume = {112},
  year = {1977},
  pages = {535},
}
@article{AMBER95,
    author  = {Wendy D. Cornell and Piotr Cieplak and Christopher I. Bayly and Ian R. Gould and {Merz Jr.}, Kenneth M. and David M. Ferguson and David C. Spellmeyer and Thomas Fox and James W. Caldwell and Peter A. Kollman},
    title   = {A Second Generation Force Field for the Simulation of Proteins, Nucleic Acids and Organic Molecules},
    journal = {J. Am. Chem. Soc.},
    pages   = {5179-5197},
    year    = {1995},
    volume  = {117}
}
@article{BBO+83,
  author  =   {B. R. Brooks and R. E. Bruccoleri and B. D. Olafson and D. J. States and
                S. Swaminathan and M. Karplus},
  title   =   {{CHARMM}:  {A} program for macromolecular energy, minimization, and
                dynamics calculations},
  journal =   {J. Comput. Chem.},
  volume  =   {4},
  number  =   {2},
  year    =   {1983},
  pages   =   {187--217}
}
@article{ZVC+97,
    author  = {C. Zhang and G. Vasmatzis and J. L. Cornette and
     C. DeLisi},
    title   = {Determination of Atomic Desolvation Energies From
     the Structures of Crystallized Proteins},
    journal = {J. Mol. Biol.},
    pages   = {707-726},
    year    = {1997},
    volume  = {267}
}

@Misc{QT,
  title =         "{QT} release 2.3.1",
  howpublished =        "{Troll~Tech~AS}",
  note =  "http://www.troll.no/products/qt.html",
  key = "QT",
}
